3300 5175
635 510 979 625 ψ
1089 552 1093 565 ’
1223 542 1313 635 107

412 705 552 797 metalli
565 707 677 787 huius
695 708 881 797 solutione
893 710 1031 791 nitroso
1042 710 1087 794 ab
1098 712 1194 819 aqua
1205 739 1316 797 eorn-

411 814 518 891 muni
535 812 772 913 precipitata
823 814 877 891 At
899 814 974 893 hoc
996 816 1115 903 modo
1130 842 1206 895 non
1228 844 1314 895 orn·
1446 844 1452 857 ’

411 940 461 995 ne
479 914 671 993 metallum
699 938 745 989 ex
768 910 904 993 eodem
927 914 1036 999 acido
1060 914 1251 1016 dejicitur,
1274 916 1313 998 id

412 1018 539 1106 enim,
561 1012 665 1114 quod
683 1040 730 1091 er
756 1033 916 1116 quatuor
940 1016 1126 1101 drachmis
1153 1022 1314 1100 Bisrnuti

412 1121 452 1196 in
473 1138 521 1194 eo
534 1140 647 1195 acore
666 1115 848 1206 dissoluti,
866 1118 910 1199 ab
929 1144 1022 1223 aqua
1037 1125 1313 1227 praecipitatum

342 1225 345 1235 '
411 1220 505 1309 fuit,
536 1216 759 1321 ponderavit
794 1220 989 1302 drachmas
1016 1237 1091 1303 tre's
1125 1230 1162 1302 &
1198 1250 1314 1329 grana

284 1372 287 1377 -
412 1325 606 1500 guinqw
639 1346 732 1421 aqua
753 1345 847 1403 vero
874 1320 1015 1405 relidua
1046 1323 1175 1409 addito
1204 1345 1312 1406 narro

356 1422 363 1441 ⁸
439 1420 518 1501 edit
536 1425 672 1502 iterum
696 1426 805 1501 calcis
831 1424 922 1503 albae
950 1422 1168 1507 drachmam
1201 1453 1313 1507 unam

410 1535 449 1605 &
468 1550 582 1630 grana
600 1526 838 1628 quindecim,
873 1530 979 1609 cuius
1007 1530 1221 1633 superficies
1239 1532 1314 1609 aeri

410 1618 533 1709 libero
559 1625 725 1729 expolita
749 1632 1117 1737 cinereo-glaucum
1145 1635 1314 1711 colorem

408 1726 676 1909 glduit³fl¹¹⁰d
702 1737 782 1811 non
809 1734 998 1841 contingit
1029 1740 1068 1814 in
1091 1729 1313 1841 Mag'isteriu

441 1851 580 1911 rsnrun.

722 2022 758 2117 §-
797 2042 885 2101 202.

359 2232 424 2331 15)
454 2235 609 2337 Cuprurn
622 2253 886 2317 ‚mnentatunr

409 2390 414 2409 ,
462 2338 553 2415 l-loc
585 2333 724 2439 duplex
756 2335 828 2430 eli,
859 2340 1023 2417 naturale
1049 2335 1226 2418 videlicet
1251 2349 1314 2417 aut

290 2524 294 2532 ,
410 2442 643 2519 atterutrum.
703 2442 915 2544 Vtrumque
934 2438 1125 2521 obtinetur
1147 2468 1193 2519 ex
1217 2441 1315 2518 solu-

410 2544 516 2622 tione
533 2544 642 2643 cupri
662 2541 700 2618 in
727 2540 836 2622 acido
863 2542 1071 2644 sulphuriS,
1098 2569 1174 2648 ope
1208 2542 1315 2620 Ferri

411 2666 475 2722 aut
491 2656 601 2721 terr‘ae
627 2642 827 2735 ferriferae,
854 2670 940 2721 curn
964 2671 1011 2720 eo
1041 2646 1197 2721 minime
1224 2667 1314 2721 con·
1390 2643 1392 2651 ’

410 2743 662 2833 fundendum,
689 2745 799 2846 quod.
830 2773 850 2826 a
887 2739 1135 2824 Vul'canorum
1163 2746 1315 2852 ignibus

289 2925 294 2935 .
410 2853 506 2928 olim
520 2847 641 2926 fusum
669 2856 708 2928 δι
733 2847 939 2953 dispersum
959 2851 1115 2928 habetur
1134 2875 1207 2952 pru
1232 2848 1315 2925 Cu-

408 2977 485 3056 pro
504 2953 646 3041 nativo,
659 2964 704 3032 ut
718 2951 877 3030 Ferrum
901 2949 1067 3032 ssmiliter
1094 2955 1337 3051 eliquatuntr¹

409 3056 577 3132 nutiuuln
604 3055 824 3158 appellatur.
884 3056 1000 3134 Certe
1027 3056 1160 3158 exigua
1190 3052 1315 3154 Cupri

410 3156 579 3258 &Ferri
602 3160 721 3236 nativi
743 3159 919 3236 haetenus
944 3154 1087 3236 deterre
1119 3159 1248 3256 copia,
1275 3159 1315 3232 bc

408 3258 456 3339 ab
476 3261 566 3363 igne
584 3258 823 3340 subterraneo
838 3259 965 3363 pallrm
982 3261 1095 3339 obvia
1115 3258 1315 3336 destructa-

267 3371 296 3443 ’,
410 3385 498 3441 runt
524 3386 653 3440 rerum
676 3360 836 3454 rudera,
865 3360 1037 3467 suspicari
1068 3385 1139 3440 nos
1171 3361 1312 3450 iubent,

411 3465 557 3550 metalla
578 3464 659 3542 haec
675 3464 809 3543 alicubi
839 3481 1008 3569 reperta,
1028 3489 1105 3542 non
1125 3467 1228 3540 lento
1247 3487 1315 3540 na-

409 3576 505 3646 turae
521 3564 705 3657 artificio,
721 3563 786 3645 sed
804 3564 850 3647 ab
872 3571 961 3673 igne
982 3593 1029 3644 ex
1051 3567 1212 3655 calcibus
1228 3587 1312 3640 rne-

362 3672 365 3676 ’
409 3671 541 3748 tellicis
561 3669 747 3750 elaborrta
760 3668 877 3772 luille.
938 3669 1053 3748 Certe
1076 3671 1227 3774 ignarus
1244 3692 1313 3744 eo-

396 3785 521 3863 rum,
558 3797 642 3873 quae
679 3773 894 3853 vulcauicua
914 3771 1013 3878 ignis
1041 3769 1214 3874 proferre
1233 3777 1311 3872 'po‘-

317 3959 322 3966 ,
407 3871 500 3964 tell,
526 3875 641 3952 nescit
663 3901 815 3978 quoque
837 3873 1002 3980 geneli'm
1028 3876 1228 3976 multarunt
1249 3896 1314 3948 re·

409 3999 516 4066 rum,
564 4000 685 4078 neque
721 3979 779 4054 er'
802 3976 960 4064 confuso
986 3992 1044 4057 tut
1071 3973 1312 4077 systematum

292 4140 297 4156 .
331 4073 342 4094 '
409 4081 644 4160 mineraliunr
662 4076 879 4182 labyrintho
900 4078 974 4160 sese
1005 4103 1168 4181 unquam
1196 4076 1312 4154 extri·
1448 4149 1455 4156 .

293 4237 301 4248 .
409 4179 520 4259 rabit.
579 4181 674 4260 Haec
693 4181 764 4260 illis
794 4179 890 4260 diua
915 4182 1030 4270 volo,
1061 4187 1127 4284 qui
1184 4176 1312 4256 eneses

267 4349 303 4362 ..
406 4281 575 4388 lapidum
595 4286 811 4376 nonsolurn
830 4298 1080 4382 nonnarum,
1110 4205 1237 4464 seffl&
1266 4280 1313 4374 ila
1349 4394 1355 4404 Ι

1193 4409 1259 4490 oa,
