3300 5175
817 726 856 823 §4
884 746 970 823 231.
1109 730 1113 735 ’

271 908 274 915 ¹
412 868 495 1040 ἶ7)
521 927 719 1023 Dellidaetio
738 927 1003 1036 ssydrargyri..
1140 892 1146 901 ι

565 1029 769 1111 Destillrtio
786 1031 867 1111 haec
888 1026 1121 1130 duplex'eli,
1144 1054 1281 1134 nempe
1302 1033 1406 1110 antiss

409 1155 414 1170 ’
444 1186 449 1195 ·
508 1160 580 1237 qua
601 1143 639 1211 δι
653 1154 761 1209 noua.
820 1133 942 1209 Prima
960 1131 1012 1209 est
1034 1132 1208 1211 indirecta
1226 1136 1273 1231 (ς.
1297 1137 1405 1234 221),

507 1262 593 1337 quae
620 1236 666 1313 ab
700 1236 860 1336 egregio
893 1236 980 1311 viru
1014 1234 1170 1343 Georgia
1196 1237 1403 1315 Autricum

408 1372 416 1381 ·
507 1338 712 1437 descripta,
731 1336 847 1439 exigit
869 1331 1043 1415 duoytsa
1063 1350 1205 1428 terrea,
1232 1362 1400 1437 quorum

505 1440 677 1542 superius
695 1436 883 1513 ,mineram
915 1442 1099 1526 continet,
1122 1439 1275 1518 inferius
1302 1463 1401 1516 vero

504 1559 605 1623 terra
629 1544 769 1617 testum
784 1538 974 1616 metallum
997 1541 1135 1641 excipit
1158 1538 1243 1615 inde
1265 1542 1402 1640 erpul-

409 1664 413 1672 ’
504 1646 598 1723 sum.
672 1641 780 1717 Plura
796 1636 991 1717 >eiusmodi
1011 1642 1092 1717 vasa
1118 1644 1212 1718 intra
1246 1638 1399 1719 foveam

504 1760 762 1831 temporam,
792 1742 991 1817 interieritis
1028 1742 1258 1841 accenfisque
1276 1744 1396 1846 lignis

411 1896 417 1903 ·
457 1810 734 1951 .·urgeiantur
764 1866 884 1944 porro
914 1866 1101 1943 eousque,
1130 1841 1251 1920 donec
1282 1868 1398 1923 omne

468 1966 471 1971 ’
502 1948 642 2051 hydrar
700 1962 845 2021 rumex
864 1944 1129 2047 superioribus
1149 1947 1192 2021 iu·
1218 1944 1397 2025 inferiora

404 2088 410 2101 ·
502 1968 703 2131 nanfiitiei.
749 2068 776 2113 ὀ
990 2098 1000 2115 .,
1238 2092 1241 2109 ι

406 2190 417 2201 -
549 2151 657 2227 Alius
696 2144 988 2249 hydrargyrum
1012 2140 1211 2225 destillandi
1256 2145 1395 2228 modus

404 2270 409 2279 ·
455 2294 459 2303 ’
503 2250 626 2329 denuo
646 2244 784 2350 duplex
804 2250 857 2324 est
877 2272 919 2325 ac
943 2250 1089 2349 primus
1112 2246 1264 2349 quidem
1285 2253 1320 2325 ei
1345 2250 1391 2327 fi-

502 2354 604 2431 milis
626 2346 697 2437 est,
723 2373 800 2448 quo
827 2346 998 2424 destillari
1027 2348 1120 2427 solet
1144 2348 1317 2453 sulphur,
1351 2376 1395 2429 eu

401 2468 430 2491 ·’
504 2451 730 2541 differentia,
759 2446 864 2549 quod
899 2450 937 2525 in
959 2449 1028 2528 hac
1062 2448 1299 2531 destillatione
1333 2479 1395 2530 re-

405 2559 411 2606 ·'
501 2559 694 2662 quitantur
713 2550 804 2662 ¹uasa
832 2551 951 2630 ferrea
979 2577 1063 2630 curn
1086 2555 1263 2655 excipulis
1280 2552 1394 2635 lirino

399 2683 411 2698 ·
501 2665 585 2739 luto
607 2660 736 2758 ligata,
755 2681 824 2732 nec
846 2680 922 2732 non
942 2657 1082 2733 minere
1098 2658 1246 2736 contusa
1268 2664 1305 2734 de
1320 2662 1393 2735 cal-

503 2787 549 2838 ce
571 2761 694 2834 mixta.
753 2757 836 2832 Alia
857 2754 1057 2836 methodus
1072 2757 1238 2834 Almadae
1259 2760 1296 2836 iu
1318 2759 1392 2836 Hi-

405 2901 410 2910 ,
504 2861 649 2967 spania,
667 2863 707 2938 δι
723 2856 883 2960 Hydria
899 2860 937 2933 in
961 2859 1146 2938 Carniolia
1164 2885 1261 2938 nunc
1280 2864 1391 2939 etiam
1529 2901 1530 2964 l

501 2963 649 3050 ulitata3
674 2961 835 3063 proprio
853 2959 1050 3038 absolvitur
1062 2981 1390 3064 apparatu,·quenr
1529 2997 1530 3004 Ν

404 3105 411 3116 ·
503 3059 1246 3150 constituitlurnus,llratun1&Cumara
1294 3065 1325 3141 F
1328 3091 1389 3140 ur-

480 3171 574 3245 'nus
605 3163 745 3243 constat
778 3164 968 3253 cineriti0,
1007 3163 1119 3254 foco,
1156 3185 1315 3253 cratere,
1345 3190 1386 3244 ac

503 3267 740 3370 receptaculo
782 3263 941 3367 superne
974 3265 1175 3358 fornicato,
1212 3265 1256 3344 ad
1291 3270 1386 3346 latus

505 3386 628 3450 autern
648 3365 787 3469 duplici
805 3383 978 3468 apertura
995 3368 1198 3458 instrustof
1212 3394 1279 3471 per
1297 3393 1387 3469 quas

502 3469 694 3574 expulsum
726 3465 1005 3571 hydrargyrum
1034 3469 1158 3550 transit
1182 3473 1219 3546 in
1247 3473 1386 3548 canales

398 3601 402 3606 ·
504 3579 626 3652 Strato
651 3567 845 3648 insidentes
861 3573 930 3660 ita,
951 3587 993 3649 ut
1012 3598 1099 3649 curu
1127 3569 1298 3676 oppofita
1323 3597 1385 3648 ca-

502 3699 605 3752 mera
634 3671 804 3754 obtusum
827 3675 1004 3775 angulum
1031 3673 1206 3763 efficiant,
1240 3699 1316 3774 quo
1345 3675 1384 3750 iu

500 3781 588 3856 loco
610 3773 788 3852 foramina
806 3771 916 3866 sunt,
941 3801 1108 3876 perquer
1138 3777 1274 3854 metalli
1300 3798 1385 3879 pars
1494 3823 1498 3830 ·

427 3923 430 3928 ·
502 3883 620 3976 aliqua
640 3878 767 3979 ligneo
795 3875 887 3951 tubo
913 3893 1064 3980 excepta
1090 3875 1232 3980 depluit
1260 3880 1297 3952 in
1324 3877 1384 3953 fo-

500 4006 606 4056 veam
635 3979 724 4052 ideo
749 3990 926 4078 paratam.
1006 3979 1162 4057 Carnem
1188 3977 1299 4054 strato
1328 3981 1384 4054 in-

497 4079 673 4161 aedificata
697 4075 990 4181 Hydrargyrum
1008 4084 1163 4184 excipit,
1178 4079 1280 4180 quod
1299 4103 1384 4181 par·
1415 4159 1418 4172 ,

496 4188 567 4265 tim
589 4179 724 4258 invase
747 4177 894 4280 lapideo
920 4181 1084 4271 inferne,
1120 4185 1255 4286 partim
1290 4204 1385 4256 vero

498 4291 538 4367 in
563 4283 735 4384 suprema
751 4277 919 4360 eiusdem
942 4287 1083 4386 pariter
1105 4297 1282 4364 camerata
1298 4303 1385 4385 par-

1298 4399 1337 4464 te
