3300 5175
482 748 700 831 Arseuicum
724 750 768 828 fit
788 756 942 849 in-uqua
964 748 1137 840 solubile,
1161 756 1198 833 δι
1216 769 1299 833 curn
1317 778 1384 837 nu·

482 865 545 934 tro
569 852 699 935 bibulo
717 853 826 931 salem
849 852 1013 929 medium
1037 851 1251 947 constituat,
1275 858 1383 936 disci·

482 977 567 1036 mus
602 952 708 1045 inde,
737 973 784 1031 eo
812 951 999 1032 mediante
1023 956 1205 1033 Naturam
1228 962 1382 1061 'absque

428 1140 433 1152 ,
479 1051 572 1137 salt'u
597 1052 808 1159 procedere
834 1057 1002 1135 asalibus
1023 1057 1068 1132 ad
1094 1063 1257 1145 metalla,
1281 1064 1383 1139 haec-

378 1172 393 1242 ]
482 1186 556 1263 que
573 1164 698 1235 omiua
713 1184 732 1235 a
751 1160 939 1259 principio
954 1158 1085 1253 salino,
1106 1164 1284 1253 minerali,
1295 1164 1382 1265 spe-

481 1260 612 1348 cific03
632 1262 805 1362 peculiari
822 1258 980 1339 irrificio
997 1261 1230 1357 modificrtO,
1249 1270 1287 1342 iu
1306 1281 1387 1343 ter-

455 1458 459 1465 ,
481 1388 534 1444 me
549 1362 751 1445 visceribus
768 1361 953 1448 elaborata
971 1362 1086 1443 fuilie.

439 1595 492 1677 ·.
583 1569 587 1576 ’
663 1578 669 1611 ³
742 1576 1018 1685 ”tuan

426 1788 441 1847 ,’
477 1766 661 1865 Chemica
686 1768 892 1849 attentione
918 1762 1127 1869 dignillima
1149 1762 1202 1842 eli
1229 1790 1270 1845 ea
1291 1788 1377 1845 cor-

367 1892 508 1977 porum
539 1868 773 1973 quorundmn
791 1868 984 1956 conditio,
1011 1894 1084 1969 qun
1113 1869 1230 1970 posita
1256 1892 1377 1968 aqueo

253 2055 256 2066 ,
367 1978 523 2053 humori
539 1976 736 2050 miscentur
750 1976 893 2050 intime.
947 1974 1001 2047 Itu
1012 1971 1176 2071 sulphur,
1193 1974 1378 2061 oleame·

367 2080 470 2163 talla.
490 2103 575 2177 quae
583 2077 854 2177 proprietatem
866 2076 958 2176 hanc
971 2098 1046 2148 non
1059 2072 1262 2173 pollident‚
1283 2075 1377 2149 hane

365 2182 541 2279 protinus
561 2174 718 2251 induunt
737 2177 867 2254 salibus
885 2180 997 2261 unita,
1013 2198 1055 2250 ac
1077 2174 1201 2253 denuo
1221 2174 1378 2251 eandem

342 2294 529 2365 xeruunt,
562 2274 694 2352 iisdem
722 2276 888 2379 spoliata.
968 2278 1021 2351 At
1042 2275 1128 2358 inde
1153 2288 1377 2354 tamennon

301 2402 306 2407 “
366 2381 553 2481 sequitur,
575 2376 726 2453 salinum
757 2376 1046 2478 quodlibet'elle
1066 2380 1103 2453 in
1124 2396 1222 2479 'aqua
1240 2380 1396 2481 solubi5
1534 2458 1535 2467 χ

365 2484 421 2573 le,
440 2508 526 2560 nam
548 2484 626 2557 calx
644 2482 731 2556 viva
756 2478 864 2561 acido
885 2480 1027 2557 vitrioli
1044 2478 1218 2571 saturata,
1238 2497 1375 2561 terram

364 2587 590 2689 seleniticam
627 2580 859 2661 insolubilem
892 2582 1022 2672 efficit,'
1056 2584 1134 2661 imo
1168 2591 1206 2661 δι
1227 2601 1376 2666 nattum

363 2688 532 2767 bibulum
550 2683 688 2763 eodem
713 2687 821 2765 acido
851 2686 1069 2774 saturatum,
1094 2690 1213 2764 multo
1245 2687 1377 2784 diffici-

363 2793 434 2870 lius
452 2796 489 2868 in
506 2815 600 2890 aqua
618 2786 798 2879 solvitur,
816 2815 858 2864 ac
875 2787 1038 2878 nudum,
1060 2789 1121 2864 seu
1139 2791 1244 2864 omni
1266 2789 1374 2869 acido

280 2937 282 2941 .
362 2891 590 2972 destitutum.
641 2887 819 2968 Diversus
850 2890 910 2965 hic
936 2909 1145 2991 corporum
1175 2891 1376 2971 salinorum
1470 2966 1475 2978 ,

252 3044 256 3052 .
326 2993 513 3092 [habitus
547 2991 593 3071 ad
617 3017 772 3092 aquam,
806 2990 881 3068 fine
905 2987 1020 3068 dubio
1052 2992 1206 3070 diversae
1235 2999 1376 3094 pariter

361 3100 625 3201 particularum
650 3093 805 3173 eosdem
839 3091 1139 3172 constituentium
1173 3097 1375 3176 cohaefioni

362 3191 622 3277 adscribendus
639 3197 807 3288 videtur,
827 3215 869 3274 ut
890 3195 976 3274 ideo
1002 3199 1081 3286 illa,
1112 3225 1195 3300 quae
1213 3199 1372 3279 debilius

362 3305 460 3379 inter
482 3301 516 3375 se
534 3301 737 3392 cohaerent,
754 3296 896 3378 facilius
913 3302 1024 3376 etiam
1039 3303 1077 3376 in
1096 3305 1266 3379 minimae
1286 3328 1373 3405 par·

361 3407 492 3483 ticulas
524 3401 570 3477 ab
597 3427 689 3500 aqua
718 3401 993 3487 diffolvantur3
1032 3399 1214 3480 difficilius
1245 3421 1372 3484 aurem

361 3500 443 3596 aliu,
461 3530 542 3606 quae
562 3533 583 3582 a
602 3523 734 3584 mutuo
745 3513 915 3582 contuitu
935 3508 977 3580 ab
998 3501 1174 3602 endividi
1192 3529 1267 3582 non
1285 3505 1373 3610 pos-

360 3609 457 3692 sunt.
513 3603 620 3683 Idem
642 3606 842 3718 dicendum
864 3607 916 3684 est
940 3605 986 3683 de
1010 3632 1181 3685 cremore
1205 3612 1311 3687 calcis
1331 3613 1371 3688 in

358 3727 455 3811 aqua
474 3701 627 3787 minime
644 3699 819 3802 solubili,
845 3713 909 3810 qui
932 3735 977 3786 ex
994 3725 1088 3810 aqua
1108 3707 1215 3790 calcis
1230 3711 1305 3789 aeri
1323 3715 1370 3790 li·

357 3813 451 3892 bero
473 3804 638 3914 expolita
654 3813 761 3891 brevi
782 3828 958 3915 tempore
988 3815 1181 3891 excutitur.
1264 3815 1371 3894 Dum

357 3914 461 3993 eninr
481 3938 575 4015 aqua
595 3909 680 3992 inde
702 3915 831 3992 sensam
857 3915 1019 4022 exhalat,
1039 3915 1225 4018 pulticulae
1250 3921 1370 3996 calca-

358 4023 424 4098 riae
452 4019 612 4094 invicem
643 4015 882 4114 accedenteS‚
918 4043 1024 4118 oquae
1053 4027 1091 4096 ὃ(
1123 4023 1217 4096 aeria
1250 4027 1380 4098 armo*

356 4120 527 4234 sphaerici
548 4120 729 4196 beneficio
761 4124 810 4197 ira
837 4125 997 4198 invicem
1019 4125 1220 4211 uniuntur,
1251 4139 1294 4200 ut
1321 4123 1368 4199 ab

240 4249 244 4257 ’
357 4243 452 4327 aqua
470 4216 596 4311 denuo
621 4217 807 4326 disiungi,
833 4223 897 4300 seu
923 4221 1068 4300 diliolvi
1099 4227 1258 4328 amplius
1289 4245 1369 4306 nou

355 4319 513 4440 poliat,
532 4337 652 4434 prout
678 4322 803 4406 evenit
820 4345 906 4404 eum
927 4327 1024 4406 calce
1044 4329 1137 4407 rina.
1169 4355 1211 4529 §·
1246 4375 1277 4516 ⁸8

1195 4449 1249 4512 .1
1281 4448 1317 4509 0.
