3300 5175
381 452 460 585 J
605 443 945 555 αὕτη
1169 470 1275 571 ω

690 644 844 744 bue·
969 718 979 749 Δ,
1333 614 1335 619 ’

364 838 456 925 ‘Hie
469 838 595 921 denuo
612 842 731 943 aliqua
743 796 959 922 ¹adnotantia
973 840 1054 923 sunt
1067 840 1114 922 de
1134 846 1172 925 vi
1189 870 1278 923 cau·
1397 852 1401 860 “
1503 818 1523 863 '¹

258 947 354 1053 iiico
392 949 490 1025 nalri
515 945 675 1025 volatilis
701 941 824 1023 edroi
858 970 904 1022 ex
939 946 1008 1022 sale
1041 950 1276 1027 mumoniaco

264 1077 346 1155 ope
370 1050 478 1129 minii
503 1061 566 1125 rut
592 1049 687 1124 natri
707 1045 834 1123 bibuli.
885 1044 1035 1130 Dicitur
1057 1049 1117 1126 hic
1137 1052 1276 1153 pariter

261 1143 317 1233 'sul
335 1149 513 1229 crusticus
535 1148 691 1225 volatilis
714 1171 759 1223 ex
780 1146 852 1225 sale
878 1144 1116 1229 ‘ammoniaco
1143 1153 1187 1231 ab
1210 1150 1276 1228 adss

270 1252 345 1333 dita
366 1254 401 1329 ei
429 1252 526 1329 culce
554 1253 638 1326 vive
655 1247 741 1327 ideo
762 1250 949 1342 obtineri,
984 1256 1070 1353 quia
1092 1254 1169 1331 calx
1187 1253 1277 1353 spo·

267 1359 333 1435 liat
350 1355 462 1433 salem
480 1352 670 1431 volatilem
687 1351 753 1429 suo
769 1375 854 1456 rere
871 1350 960 1431 fixo.
1014 1352 1087 1431 Sed
1099 1381 1177 1433 non
1188 1356 1278 1457 spo·

263 1461 376 1551 lintur
394 1457 469 1534 hoc
497 1476 626 1530 aerea
655 1468 762 1529 natro
786 1452 885 1545 fixo,
927 1454 1072 1533 &ideo
1094 1461 1204 1535 etium
1228 1456 1279 1533 sal

261 1559 422 1638 ‚inutilis
441 1558 480 1633 iu
501 1554 630 1633 forme
646 1551 784 1641 fluide.
807 1579 886 1635 non
903 1580 997 1636 vero
1021 1558 1112 1637 ficca
1129 1564 1167 1637 δι
1186 1584 1275 1661 cry.

264 1660 429 1749 nallinu,
453 1654 582 1736 addito
594 1653 664 1733 sale
676 1653 1082 1745 tortariabeosecedit3
1106 1666 1276 1738 &tamen

264 1762 315 1843 sel
338 1761 401 1839 hic
419 1760 578 1837 volatilis
595 1754 730 1861 flocus,
757 1761 834 1837 cuti
851 1763 1008 1839 viventis
1025 1760 1147 1847 calidae
1160 1760 1275 1865 appli-

263 1881 392 1953 catus,
431 1861 475 1938 b*
490 1859 670 1963 emplastro
694 1868 887 1950 coercitus,
932 1866 1059 1939 exurit
1087 1864 1272 1943 intollera·

265 1962 332 2047 bili
367 1991 445 2043 cum
475 1961 592 2039 dolere
625 1980 754 2064 partes
783 1965 822 2039 in
844 1988 1078 2071 gangraenmn
1115 1968 1270 2077 nigram,

253 2069 395 2170 fiune
409 2092 487 2142 cum
506 2063 807 2158 inflammatione,
843 2080 887 2141 ut
901 2092 981 2183 non.
982 2068 1039 2167 fit
1056 2066 1156 2143 aliud
1172 2096 1275 2145 vene·
1428 2132 1431 2145 .

264 2166 517 2249 numvelocius.
543 2166 767 2243 Boenunnv.
818 2161 892 2243 sed
909 2168 1030 2245 acrior
1044 2164 1164 2245 adhue
1181 2195 1273 2269 pro·

267 2268 323 2349 dit
342 2269 389 2347 sul
409 2268 569 2347 volatilis
583 2292 628 2344 er
647 2266 984 2365 saleemnroniaco,
1014 2266 1276 2349 siminiurnlo·

264 2394 316 2451 eo
341 2373 451 2450 calcis
479 2370 514 2447 ei
533 2364 701 2448 additum
728 2368 853 2447 fuerit.
904 2370 967 2449 An
993 2395 1088 2475 ergo
1115 2371 1177 2448 hic
1200 2398 1273 2547 pa.

262 2476 357 2553 riter
380 2470 467 2550 ideo
487 2468 665 2549 causticus
686 2475 724 2548 δι
748 2468 887 2547 fluidus
907 2470 1097 2549 obtinetur
1115 2474 1176 2549 ille
1216 2478 1276 2575 pi..

263 2576 381 2667 ritus,
407 2575 493 2675 quir
507 2575 586 2650 eulx
610 2571 753 2676 plumbi
771 2570 942 2674 spoliarit
960 2570 1070 2650 salem
1086 2574 1275 2654 volatilem

238 2679 370 2777 ¹omni
390 2699 474 2754 nere
495 2669 600 2751 fixo?
627 2671 701 2752 Sed
724 2671 900 2851 spoliatur
925 2670 1176 2854 simplicitera
1202 2680 1273 2754 cal·
1387 2681 1391 2690 ’

264 2805 308 2858 ce
322 2782 430 2870 vim.
457 2802 527 2856 nec
552 2775 739 2870 tamense
779 2775 940 2854 volatilis
970 2801 990 2852 u
1017 2800 1065 2854 eo
1095 2775 1273 2859 caullicus

263 2881 352 2961 inde
376 2878 518 2986 prodit.
566 2879 605 2954 Si
626 2902 721 2984 ergo
743 2876 818 2956 hoc
839 2875 1068 2958 causticitetis
1092 2904 1274 2986 ruginen-

266 3001 350 3064 tum
369 3008 446 3060 non
471 2977 654 3084 pendete
681 2977 756 3060 sole
778 2981 912 3060 initura
929 2977 993 3058 fixi
1016 2979 1130 3069 aeris-i
1154 2982 1277 3082 sequi.

264 3101 328 3164 tur
345 3087 523 3171 omnino,
554 3085 828 3184 proprietatem
849 3080 944 3160 hanc
971 3106 1049 3158 non
1073 3080 1182 3175 huic,
1212 3081 1275 3164 sed
1307 3129 1310 3136 ν

267 3189 348 3266 aliee
364 3185 543 3288 ceusae(§.
564 3189 672 3286 29.),
698 3184 770 3264 elle
797 3179 1083 3266 adscribendam.
1149 3236 1178 3281 ,ι
1275 3236 1276 3244 ¹
1320 3197 1346 3230 ·'

691 3404 728 3500 5.
755 3399 844 3498 256.

379 3577 550 3668 Thetiria
567 3585 691 3666 nostre
709 3585 876 3664 chernien
898 3583 946 3664 de
969 3581 1095 3666 habitu
1111 3585 1210 3689 ignis
1229 3583 1278 3666 ed

265 3685 377 3778 lilia.
403 3697 442 3766 &
467 3688 645 3780 virilitur,
671 3691 937 3791 experimentis
962 3693 1059 3768 'cirea
1077 3687 1278 3791 phospho-

263 3814 352 3868 rum
370 3794 485 3868 urinae
504 3793 815 3872 eMrroernvro
835 3787 1027 3881 institutis,
1053 3791 1210 3896 pulchre
1231 3791 1278 3868 il-

251 3890 457 3981 lustratur,
486 3892 647 3996 indeque
670 3906 771 3992 putet
802 3891 860 3990 1.)
887 3893 968 3972 Cur
985 3893 1034 3972 sal
1052 3895 1168 3970 urinae
1189 3891 1279 3968 fusi·

263 3991 376 4081 bilis,
413 4018 500 4078 cum
524 3997 713 4098 principio
738 3989 991 4071 inflnrnmebili
1015 3993 1280 4096 Phosphorion

263 4093 492 4174 constituet?
518 4105 577 4199 2.)
605 4097 685 4175 Cur
699 4092 902 4172 Substantia
921 4095 1109 4174 hecrsale
1133 4095 1278 4174 micro·

261 4195 429 4278 cosmico
452 4194 547 4280 adeo
566 4195 707 4280 diverse
728 4195 802 4278 fit?
845 4198 897 4298 3.)
924 4196 1005 4276 Cur
1020 4223 1065 4275 ex
1084 4197 1278 4376 ppppho-

1100 4325 1126 4402 p
1155 4322 1227 4377 oro
