3300 5175
463 715 543 786 rata
568 717 639 784 ne‘c
667 701 817 811 seinper
835 731 908 784 unu
925 701 1154 806 eademque,
1170 702 1261 784 dunt
1278 702 1387 810 eqni

391 837 397 848 ·
466 811 712 911 extinguitur,
730 833 914 908 vaporem
930 810 1069 888 emittit
1085 811 1265 912 peculiari
1276 811 1383 888 odo-²

458 935 504 1015 re
536 935 644 988 nares
674 905 894 1000 ferientem,
928 912 992 1011 qui
1024 909 1190 1013 deliquio
1220 916 1379 992 alculino

460 1028 664 1116 exceptus,
690 1015 882 1114 particulis
903 1011 1023 1090 salinis
1053 1013 1178 1093 eidem
1203 1014 1379 1096 innatan-

369 1174 374 1186 .
461 1115 563 1195 tibus
591 1118 779 1192 acriorem
800 1115 968 1196 indolem
989 1115 1130 1194 tribuit.
1193 1113 1266 1193 Sed
1288 1131 1381 1195 ntu-'

459 1220 553 1298 tatio
579 1219 719 1321 puriter
740 1219 862 1394 alipua
879 1215 953 1294 visa
984 1209 1037 1294 est
1063 1220 1102 1295 in
1129 1217 1383 1298 solutionibus

460 1321 656 1400 metallicis
673 1319 718 1396 ab
740 1345 788 1396 eo
817 1344 878 1394 em
894 1319 1002 1396 calcis
1027 1319 1135 1399 fumo
1158 1325 1377 1422 penetrant,

463 1438 509 1501 ut
536 1419 625 1509 ideo
654 1436 800 1499 certum
834 1419 903 1510 fit,
934 1422 1110 1500 attributa
1139 1423 1246 1503 calcis
1278 1425 1379 1500 vivae

360 1542 362 1549 '
392 1604 396 1612 ,
461 1523 698 1708 appndptnnia
730 1520 895 1655 delectui
922 1520 989 1602 furi
1014 1527 1111 1632 aeris
1142 1525 1213 1604 elle
1239 1525 1380 1606 adscri-

514 1653 540 1706 ῃ
587 1681 599 1710 ι
1226 1666 1230 1676 ,
1334 1665 1338 1670 .

227 1793 234 1800 ’
369 1809 374 1816 “
480 1893 493 1966 ι
803 1814 1001 1926 naas

406 2047 455 2146 a)
483 2037 642 2223 xm
651 2039 972 2240 suffinpofitus
997 2134 1112 2216 carbo
1143 2135 1374 2230 accenditur,

463 2247 646 2348 agitatur,
666 2239 914 2330 consumitur,
938 2262 1025 2318 cum
1048 2238 1226 2344 strepitu,
1247 2239 1382 2322 fumo.

465 2371 541 2447 que
586 2343 733 2434 albido,
769 2349 835 2446 qui
869 2340 1159 2460 superimposito
1196 2359 1380 2448 apparatu

367 2461 375 2475 “
464 2464 644 2550 exceptus
671 2449 856 2525 internam
889 2447 968 2523 eru's
1007 2443 1244 2546 superficient
1264 2452 1382 2542 njveo

462 2552 606 2657 polline
624 2548 796 2659 obducit
843 2549 968 2626 Pulvis
986 2546 1049 2625 hic
1066 2543 1276 2627 effervescit
1291 2547 1384 2629 cuna

462 2651 601 2744 acidis,
638 2658 676 2733 dc
709 2654 787 2731 aeti
817 2648 978 2728 humido
1006 2649 1194 2752 expositus
1220 2654 1380 2729 minime

277 2780 281 2789 ·
370 2773 375 2783 ·
465 2754 693 2857 deliquescit.
760 2753 945 2853 Diffipato
978 2755 1142 2833 carbone
1182 2749 1381 2833 detonatio

464 2856 547 2937 haec
567 2852 770 2961 repetenda
790 2879 980 2953 eousque,
1010 2854 1134 2931 donec
1161 2856 1295 2935 uitinro
1315 2859 1378 2935 in·
1408 2861 1414 2869 ’

371 2977 374 2984 “
423 3010 432 3021 ·
462 2963 581 3040 iebus
598 2959 712 3037 carbo
729 2959 1123 3034 maneatirnntutatus.
1176 2958 1267 3036 Hoc
1279 2967 1385 3063 ope--⁴

407 3051 434 3092 ⁸
462 3084 506 3141 re
519 3058 700 3149 absoluto,
723 3055 829 3159 quod
846 3070 1012 3139 remanet
1030 3059 1068 3135 in
1090 3060 1284 3139 crucibulo
1301 3062 1379 3139 sol·
1501 3108 1506 3117 ·

461 3166 566 3240 vitun
597 3163 636 3240 in
669 3186 765 3263 uque
789 3184 904 3262 pura,
941 3159 1088 3239 solutio
1108 3160 1288 3253 filtratur,
1324 3174 1391 3241 ‘ac‘

462 3261 694 3367 pellucidum
711 3263 881 3343 lixivium
904 3279 1135 3367 evaporatur
1159 3263 1205 3345 cd
1235 3264 1379 3344 srccita-

464 3382 546 3445 tem
568 3389 701 3467 usque.
752 3366 814 3443 Sic
833 3364 1025 3444 obtinetur
1050 3366 1099 3445 sal
1120 3362 1313 3459 alcatinus‘,
1335 3372 1377 3447 in

463 3492 559 3578 uere
569 3467 728 3551 humido
753 3465 1031 3571 deliquescens,
1065 3469 1129 3549 seu
1152 3474 1307 3553 Nitruru
1328 3469 1378 3549 fi·
1478 3538 1486 3558 .

464 3594 567 3655 xum·
1151 3604 1153 3611 '
1272 3600 1286 3638 ἵ

801 3678 839 3859 rs·
868 3774 931 3858 ⁹0.

402 3964 448 4073 3)
477 3969 573 4053 calx
586 3968 940 4078 ‘viniosrdebiliore
963 3974 975 4051 i
998 4038 1002 4043 .
1032 3998 1054 4051 e
1083 3986 1208 4079 parata
1232 3972 1372 4079 gril'eo,
1459 4026 1475 4051 .

464 4067 627 4155 fortiore
651 4074 844 4169 subluteo,
870 4070 961 4156 forti
990 4102 1071 4156 nno
1090 4094 1215 4156 autent
1239 4076 1375 4154 obscu-

404 4202 412 4213 ’
461 4192 506 4255 te
528 4180 645 4258 rubro
664 4182 795 4259 colore
815 4184 928 4260 tinea
950 4179 1016 4260 est.
1068 4182 1270 4260 Vitriolurn
1288 4176 1372 4282 igni

385 4296 389 4304 '
459 4280 671 4388 expolitum
696 4283 828 4390 ptimo
854 4280 1014 4387 diffluit„
1052 4280 1153 4363 dein·
1171 4276 1374 4402 consisten-

434 4406 439 4415 ’
474 4410 479 4417 ’
1226 4396 1321 4465 trani
