3300 5175
386 443 444 582 'aa
716 469 1078 584 ..ΕΦ-τ.
1315 609 1323 616 .

444 687 448 701 '
494 667 751 810 PARS
794 665 1290 808 SECVNDA

665 900 671 906 ’
748 900 998 994 ''srsrrus
1050 919 1055 927 ’

400 1029 417 1244 ’-
453 1096 882 1264 rnouvcrn
919 1098 1329 1226 ,annuncia

733 1471 741 1486 ’
829 1507 966 1609 §rai
1112 1465 1116 1475 ¹

358 1754 361 1767 ,
387 1617 695 1858 Generalibns
711 1678 811 1761 hisce
837 1683 1072 1785 (§.1-72.)
1097 1676 1220 1760 Stadii
1240 1674 1408 1758 chantici

515 1787 711 1891 principiis
743 1785 944 1888 exposcis,
983 1789 1056 1864 inm
1092 1787 1152 1862 ills
1192 1783 1416 1884 explicabo,

388 1914 496 1990 quaa,
531 1913 604 1991 pro
644 1889 745 1966 varia
784 1889 1117 1966 instrumentorum
1148 1889 1404 1986 applicatione

386 1991 439 2092 (5.
466 1990 511 2068 16
532 2029 585 2048 -·
599 1991 708 2091 μ),
744 2013 791 2078 ex
818 1992 957 2093 triplici
984 1995 1137 2070 Naturae
1167 2011 1290 2091 regno
1315 2004 1405 2070 nata
1498 2024 1503 2089 ,τ

386 2093 582 2190 hucusque
612 2089 698 2168 sunt
723 2092 885 2193 plurima
921 2091 965 2170 ad
997 2094 1192 2182 materiam
1215 2088 1420 2178 medicam
1498 2076 1504 2169 s

387 2195 562 2298 inprimis
581 2191 791 2293 spectantia.
861 2196 911 2271 Vt
932 2219 1026 2271 vero
1048 2196 1122 2270 hoc
1155 2219 1197 2269 ea
1214 2189 1403 2268 methodo
1496 2186 1503 2279 '.,

368 2293 635 2399 perficerem,
660 2319 743 2393 quae
775 2291 993 2372 discentium
1022 2297 1189 2385 utilitati,
1211 2303 1247 2372 δι
1269 2292 1404 2370 Histo-
1497 2292 1503 2428 l

389 2398 651 2476 riaenaturalis
662 2399 902 2476 incremento
929 2397 1032 2474 soret
1058 2399 1206 2496 aptior,
1235 2394 1298 2473 diu
1319 2423 1402 2472 me·

388 2524 477 2578 cum
497 2499 682 2601 cogitavi,
715 2500 863 2599 qualem
887 2499 1063 2577 ordinem
1093 2499 1192 2575 hunc
1226 2501 1264 2574 in
1286 2497 1402 2576 finem
1498 2430 1504 2567 ⁴

388 2604 582 2707 eligerem.
634 2598 715 2677 (sui
735 2600 781 2677 de
801 2602 861 2680 his
875 2602 1099 2705 scripserunt
1113 2603 1201 2679 clari
1210 2603 1295 2692 viri,
1310 2628 1407 2701 pro·
1501 2607 1504 2728 j

390 2706 500 2783 dueta
523 2704 688 2780 chemica
708 2728 805 2781 nunc
824 2708 923 2783 iuxta
948 2702 1143 2794 ordinem,
1180 2729 1279 2779 nunc
1306 2729 1404 2782 vero
1502 2749 1503 2812 p

389 2810 491 2907 iuxta
509 2804 687 2893 niodum,
708 2830 785 2903 quo
811 2806 851 2882 in
877 2809 1001 2884 lucem
1021 2803 1234 2906 prodeunt,
1255 2832 1406 2885 enarra-

334 2978 347 2989 ,
390 2923 490 2987 runt.
551 2904 624 2983 Sed
642 2906 792 3008 possent
812 2911 922 2984 etiam
944 2906 1062 2985 dividi
1083 2910 1123 2984 in
1152 2906 1330 3010 simplicia
1362 2915 1406 2991 dc

292 3085 298 3105 „
392 3008 620 3110 composita,
645 3012 682 3087 in
702 3004 832 3086 adusta
858 3016 896 3085 &
921 3008 1123 3109 producta,
1152 3010 1191 3088 in
1219 3012 1403 3113 analytica

238 3180 243 3187 .
390 3119 431 3192 &
452 3110 678 3213 synthetica,
702 3134 743 3184 ac
768 3107 893 3187 denuo
912 3112 1029 3190 aliter.
1098 3112 1199 3191 Cum
1232 3137 1326 3197 vero
1351 3127 1398 3189 ex
1448 3164 1453 3172 x

390 3214 436 3289 iis
460 3212 602 3287 nullum
626 3211 669 3293 sit
691 3236 779 3287 vere
801 3210 976 3315 simplex,
1006 3214 1189 3316 nullaeque
1217 3217 1328 3293 certis
1351 3216 1403 3292 lt-

389 3315 547 3393 mitibus
573 3312 747 3394 distinctae
771 3315 894 3396 classes
921 3315 982 3392 hic
1006 3318 1133 3393 locum
1153 3317 1333 3407 habeant,
1357 3340 1404 3391 ac

392 3418 490 3519 saepe
529 3413 658 3497 eadem
687 3411 892 3500 »substantia
919 3444 965 3495 ex
988 3417 1143 3497 diversis
1158 3416 1410 3520 corporibus

392 3516 622 3621 producatur
640 3547 651 3609 3
676 3522 725 3599 ita
744 3522 939 3600 Autsorem
956 3525 1123 3601 nerninem
1140 3522 1402 3627 ullunrsequur,

379 3622 449 3722 sed
465 3640 506 3697 ur
525 3646 688 3733 quemque
708 3622 917 3720 veriffimum
946 3628 985 3703 in
1009 3649 1143 3731 quaque
1165 3642 1275 3731 parte
1299 3618 1407 3698 arbi-

389 3718 538 3811 trabor,
558 3725 661 3803 Pam.
684 3748 846 3823 eumque
866 3722 1038 3805 ordinem
1058 3729 1215 3828 eligam,
1243 3727 1308 3828 qui
1322 3724 1405 3800 uti-

389 3826 418 3903 li
438 3822 666 3927 compendio
696 3823 815 3907 tradat
847 3828 927 3914 illa,
956 3853 1038 3926 quar
1064 3830 1253 3909 neminem
1279 3829 1406 3902 Natu-

390 3950 444 4003 rae
464 3950 589 4007 rerum
610 3926 784 4007 attributa
809 3927 980 4007 Chenaiar
1003 3932 1138 4009 auxilio
1157 3927 1409 4011 scrutaturum

393 4030 510 4111 latere
528 4027 687 4124 debent,
716 4026 898 4133 quidquid
917 4030 1116 4133 proposito
1146 4031 1232 4107 huic
1256 4026 1406 4109 obstare

390 4128 636 4229 aliquomodo
656 4128 825 4215 videatur
844 4136 1005 4211 brevitas
1033 4132 1211 4214 dottrinae
1226 4134 1409 4209 chemicae

391 4230 538 4344 praefixi
553 4235 749 4342 temporis.
821 4234 918 4318 Haec
944 4235 1141 4347 ergosunt
1163 4237 1298 4327 causae»
1320 4256 1408 4334 quae

1290 4360 1374 4419 ὥθ’
